<?xml version="1.0" encoding="UTF-8"?><collection xmlns="http://www.loc.gov/MARC21/slim"><record><leader>00616nam--2200169-u-4500</leader><controlfield tag="001">000055528</controlfield><controlfield tag="002">20161230</controlfield><controlfield tag="005">20161230201052</controlfield><controlfield tag="008">130220s1000------------r-----000-0-eng-d</controlfield><datafield ind1=" " ind2=" " tag="040"><subfield code="a">IFIN-HH</subfield></datafield><datafield ind1=" " ind2=" " tag="080"><subfield code="a">413.234.621:681.14</subfield></datafield><datafield ind1="1" ind2=" " tag="100"><subfield code="a">Clason, W. E</subfield></datafield><datafield ind1="1" ind2="0" tag="245"><subfield code="a">Elsevier's dictionary of automation, computers, control and measuring in six languages english/american, french, spanish, italian, dutch and german</subfield><subfield code="b">Compiled and arranged on an english alphabetical base</subfield><subfield code="c">W.e. clason</subfield></datafield><datafield ind1=" " ind2=" " tag="260"><subfield code="a">Amsterdam</subfield><subfield code="b">Elsevier Phblishing Company</subfield><subfield code="c">1961</subfield></datafield><datafield ind1=" " ind2=" " tag="300"><subfield code="a">848P</subfield></datafield><datafield ind1=" " ind2=" " tag="852"><subfield code="a">D.206</subfield><subfield code="c">SLT</subfield></datafield><datafield ind1=" " ind2=" " tag="CAT"><subfield code="a">Sys</subfield><subfield code="c">20130220</subfield><subfield code="h">115501</subfield></datafield></record></collection>